%%%%%%%%%%%%%%%%%%%%%%%%%%%%%%
%% Datasets
%%%%%%%%%%%%%%%%%%%%%%%%%%%%%%

@inproceedings{grubinger2006iapr,
  title={The iapr tc-12 benchmark: A new evaluation resource for visual information systems},
  author={Grubinger, Michael and Clough, Paul and M{\"u}ller, Henning and Deselaers, Thomas},
  booktitle={International Workshop OntoImage},
  pages={13--23},
  year={2006}
}

@InProceedings{GVS10a,
  author       = "Matthieu Guillaumin and Jakob Verbeek and Cordelia Schmid",
  title        = "Multiple instance metric learning from automatically labeled bags of faces",
  booktitle    = "ECCV",
  pages        = "634--647",
  year         = "2010",
}

@inproceedings{rashtchian2010collecting,
  title={Collecting image annotations using Amazon's Mechanical Turk},
  author={Rashtchian, Cyrus and Young, Peter and Hodosh, Micah and Hockenmaier, Julia},
  booktitle={Proceedings of the NAACL HLT 2010 Workshop on Creating Speech and Language Data with Amazon's Mechanical Turk},
  pages={139--147},
  year={2010},
  organization={Association for Computational Linguistics}
}

@article{hodoshimage,
  title={From image descriptions to visual denotations: New similarity metrics for semantic inference over event descriptions},
  author={Hodosh, Peter Young Alice Lai Micah and Hockenmaier, Julia}
}

%%%%%%%%%%%%%%%%%%%%%%%%%%%%%%
%% Recurrent NN
%%%%%%%%%%%%%%%%%%%%%%%%%%%%%%

@inproceedings{mikolov2010recurrent,
  title={Recurrent neural network based language model.},
  author={Mikolov, Tomas and Karafi{\'a}t, Martin and Burget, Lukas and Cernock{\`y}, Jan and Khudanpur, Sanjeev},
  booktitle={INTERSPEECH},
  pages={1045--1048},
  year={2010}
}

@inproceedings{mikolov2011extensions,
  title={Extensions of recurrent neural network language model},
  author={Mikolov, Tomas and Kombrink, Stefan and Burget, Lukas and Cernocky, JH and Khudanpur, Sanjeev},
  booktitle={ICASSP},
  pages={5528--5531},
  year={2011},
}

@inproceedings{mikolov2013distributed,
  title={Distributed representations of words and phrases and their compositionality},
  author={Mikolov, Tomas and Sutskever, Ilya and Chen, Kai and Corrado, Greg S and Dean, Jeff},
  booktitle={NIPS},
  pages={3111--3119},
  year={2013}
}

@article{graves2013generating,
  title={Generating sequences with recurrent neural networks},
  author={Graves, Alex},
  journal={arXiv preprint arXiv:1308.0850},
  year={2013}
}

@article{elman1990finding,
  title={Finding structure in time},
  author={Elman, Jeffrey L},
  journal={Cognitive science},
  volume={14},
  number={2},
  pages={179--211},
  year={1990},
  publisher={Wiley Online Library}
}

@article{rumelhart1988learning,
  title={Learning representations by back-propagating errors},
  author={Rumelhart, David E and Hinton, Geoffrey E and Williams, Ronald J},
  journal={Cognitive modeling},
  year={1988}
}

%%%%%%%%%%%%%%%%%%%%%%%%%%%%%%
%% Multimodal
%%%%%%%%%%%%%%%%%%%%%%%%%%%%%%

@inproceedings{kiros2013multimodal,
  title={Multimodal Neural Language Models},
  author={Kiros, Ryan and Zemel, R and Salakhutdinov, Ruslan},
  booktitle={ICML},
  year={2014}
}

@inproceedings{gupta2012choosing,
  title={Choosing Linguistics over Vision to Describe Images},
  author={Gupta, Ankush and Verma, Yashaswi and Jawahar, CV},
  booktitle={AAAI},
  year={2012}
}

@inproceedings{gupta2012image,
  title={From image annotation to image description},
  author={Gupta, Ankush and Mannem, Prashanth},
  booktitle={ICONIP},
  pages={196--204},
  year={2012},
}

@inproceedings{socher2014grounded,
  title={Grounded Compositional Semantics for Finding and Describing Images with Sentences},
  author={Socher, Richard and Le, Q and Manning, C and Ng, A},
  booktitle={TACL},
  year={2014}
}

@inproceedings{frome2013devise,
  title={Devise: A deep visual-semantic embedding model},
  author={Frome, Andrea and Corrado, Greg S and Shlens, Jon and Bengio, Samy and Dean, Jeff and Mikolov, Tomas and others},
  booktitle={Advances in Neural Information Processing Systems},
  pages={2121--2129},
  year={2013}
}

@inproceedings{karpathy2014fragment,
  author = {Karpathy, Andrej and Joulin, Armand and Fei-Fei, Li},
  title = {Deep Fragment Embeddings for Bidirectional Image Sentence Mapping},
  year = {2014},
  booktitle={arXiv:1406.5679},
}

@inproceedings{kulkarni2011baby,
  title={Baby talk: Understanding and generating image descriptions},
  author={Kulkarni, Girish and Premraj, Visruth and Dhar, Sagnik and Li, Siming and Choi, Yejin and Berg, Alexander C and Berg, Tamara L},
  booktitle={CVPR},
  year={2011},
}

@inproceedings{kong2014you,
  title={What are you talking about? text-to-image coreference},
  author={Kong, Chen and Lin, Dahua and Bansal, Mohit and Urtasun, Raquel and Fidler, Sanja},
  year={2014},
  booktitle={CVPR}
}

@inproceedings{mitchell2012midge,
  title={Midge: Generating image descriptions from computer vision detections},
  author={Mitchell, Margaret and Han, Xufeng and Dodge, Jesse and Mensch, Alyssa and Goyal, Amit and Berg, Alex and Yamaguchi, Kota and Berg, Tamara and Stratos, Karl and Daum{\'e} III, Hal},
  booktitle={EACL},
  pages={747--756},
  year={2012},
}

@incollection{farhadi2010every,
  title={Every picture tells a story: Generating sentences from images},
  author={Farhadi, Ali and Hejrati, Mohsen and Sadeghi, Mohammad Amin and Young, Peter and Rashtchian, Cyrus and Hockenmaier, Julia and Forsyth, David},
  booktitle={ECCV},
  pages={15--29},
  year={2010},
}

@article{hodosh2013framing,
  title={Framing Image Description as a Ranking Task: Data, Models and Evaluation Metrics.},
  author={Hodosh, Micah and Young, Peter and Hockenmaier, Julia},
  journal={JAIR},
  volume={47},
  pages={853--899},
  year={2013},
}

@inproceedings{srivastava2012multimodal,
  title={Multimodal learning with deep boltzmann machines},
  author={Srivastava, Nitish and Salakhutdinov, Ruslan},
  booktitle={NIPS},
  pages={2222--2230},
  year={2012}
}

@inproceedings{jia2011learning,
  title={Learning cross-modality similarity for multinomial data},
  author={Jia, Yangqing and Salzmann, Mathieu and Darrell, Trevor},
  booktitle={ICCV},
  pages={2407--2414},
  year={2011},
}

@article{barnard2003matching,
  title={Matching words and pictures},
  author={Barnard, Kobus and Duygulu, Pinar and Forsyth, David and De Freitas, Nando and Blei, David M and Jordan, Michael I},
  journal={JMLR},
  volume={3},
  pages={1107--1135},
  year={2003},
}

%%%%%%%%%%%%%%%%%%%%%%%%%%%%%%
%% NLP
%%%%%%%%%%%%%%%%%%%%%%%%%%%%%%

@inproceedings{mnih2007three,
  title={Three new graphical models for statistical language modelling},
  author={Mnih, Andriy and Hinton, Geoffrey},
  booktitle={ICML},
  pages={641--648},
  year={2007},
  organization={ACM}
}

@article{chen2000survey,
  title={A survey of smoothing techniques for ME models},
  author={Chen, Stanley F and Rosenfeld, Ronald},
  journal={TSAP},
  volume={8},
  number={1},
  pages={37--50},
  year={2000},
  publisher={IEEE}
}

%%%%%%%%%%%%%%%%%%%%%%%%%%%%%%
%% Vision
%%%%%%%%%%%%%%%%%%%%%%%%%%%%%%

@inproceedings{krizhevsky2012imagenet,
  title={Imagenet classification with deep convolutional neural networks},
  author={Krizhevsky, Alex and Sutskever, Ilya and Hinton, Geoffrey E},
  booktitle={NIPS},
  pages={1097--1105},
  year={2012}
}

@article{donahue2013decaf,
  title={Decaf: A deep convolutional activation feature for generic visual recognition},
  author={Donahue, Jeff and Jia, Yangqing and Vinyals, Oriol and Hoffman, Judy and Zhang, Ning and Tzeng, Eric and Darrell, Trevor},
  journal={arXiv preprint arXiv:1310.1531},
  year={2013}
}

@inproceedings{girshick2014rcnn,
  Author    = {R. Girshick and J. Donahue and T. Darrell and J. Malik},
  Title     = {Rich feature hierarchies for accurate 
               object detection and semantic segmentation},
  Booktitle = {CVPR},
  Year      = {2014}
}

@incollection{lecun2012efficient,
  title={Efficient backprop},
  author={LeCun, Yann A and Bottou, L{\'e}on and Orr, Genevieve B and M{\"u}ller, Klaus-Robert},
  booktitle={Neural networks: Tricks of the trade},
  pages={9--48},
  year={2012},
  publisher={Springer}
}

%%%%%%%%%%%%%%%%%%%%%%%%%%%%%%
%% Bleu score
%%%%%%%%%%%%%%%%%%%%%%%%%%%%%%
@inproceedings{papineni2002bleu,
  title={BLEU: a method for automatic evaluation of machine translation},
  author={Papineni, Kishore and Roukos, Salim and Ward, Todd and Zhu, Wei-Jing},
  booktitle={ACL},
  pages={311--318},
  year={2002},
}

@inproceedings{lin2004automatic,
  title={Automatic evaluation of machine translation quality using longest common subsequence and skip-bigram statistics},
  author={Lin, Chin-Yew and Och, Franz Josef},
  booktitle={ACL},
  pages={605},
  year={2004},
}